@article{chandrakala2019environmental,
  title={Environmental audio scene and sound event recognition for autonomous surveillance: A survey and comparative studies},
  author={Chandrakala, S and Jayalakshmi, SL},
  journal={ACM Computing Surveys (CSUR)},
  volume={52},
  number={3},
  pages={1--34},
  year={2019},
  publisher={ACM New York, NY, USA}
}

@article{harvey2016remembering,
	title={Remembering through lifelogging: A survey of human memory augmentation},
	author={Harvey, Morgan and Langheinrich, Marc and Ward, Geoff},
	journal={Pervasive and Mobile Computing},
	volume={27},
	pages={14--26},
	year={2016},
	publisher={Elsevier}
}

@inproceedings{yamano2009browsing,
	title={Browsing audio life-log data using acoustic and location information},
	author={Yamano, Kiichiro and Itou, Katunobu},
	booktitle={2009 Third International Conference on Mobile Ubiquitous Computing, Systems, Services and Technologies},
	pages={96--101},
	year={2009},
	organization={IEEE}
}

@article{tzelepis2016event,
	title={Event-based media processing and analysis: A survey of the literature},
	author={Tzelepis, Christos and Ma, Zhigang and Mezaris, Vasileios and Ionescu, Bogdan and Kompatsiaris, Ioannis and Boato, Giulia and Sebe, Nicu and Yan, Shuicheng},
	journal={Image and Vision Computing},
	volume={53},
	pages={3--19},
	year={2016},
	publisher={Elsevier}
}

@article{lee2020evidence,
	title={Evidence-driven sound detection for prenotification and identification of construction safety hazards and accidents},
	author={Lee, Yong-Cheol and Shariatfar, Moeid and Rashidi, Abbas and Lee, Hyun Woo},
	journal={Automation in Construction},
	volume={113},
	pages={103127},
	year={2020},
	publisher={Elsevier}
}

@inproceedings{hamid2017survey,
	title={A survey of activity recognition in egocentric lifelogging datasets},
	author={Hamid, Aksasse and Brahim, Aksasse and Mohammed, Ouanan and others},
	booktitle={2017 International Conference on Wireless Technologies, Embedded and Intelligent Systems (WITS)},
	pages={1--8},
	year={2017},
	organization={IEEE}
}

@inproceedings{shah2012lifelogging,
	title={Lifelogging: Archival and retrieval of continuously recorded audio using wearable devices},
	author={Shah, Mohit and Mears, Brian and Chakrabarti, Chaitali and Spanias, Andreas},
	booktitle={2012 IEEE International Conference on Emerging Signal Processing Applications},
	pages={99--102},
	year={2012},
	organization={IEEE}
}

@article{ali2019insight,
	title={An Insight of Smartphone-Based Lifelogging Research: Issues, Challenges, and Research Opportunities},
	author={Ali, Shaukat and Khusro, Shah and Khan, Akif and Khan, Inayat and Solheria, Salman Faiz},
	journal={Proceedings of the Pakistan Academy of Sciences: A. Physical and Computational Sciences},
	volume={56},
	number={3},
	pages={1--16},
	year={2019}
}

@article{xia2019survey,
	title={A survey: Neural network-based deep learning for acoustic event detection},
	author={Xia, Xianjun and Togneri, Roberto and Sohel, Ferdous and Zhao, Yuanjun and Huang, Defeng},
	journal={Circuits, Systems, and Signal Processing},
	volume={38},
	number={8},
	pages={3433--3453},
	year={2019},
	publisher={Springer}
}

@article{xia2019multi,
	title={Multi-task learning for acoustic event detection using event and frame position information},
	author={Xia, Xianjun and Togneri, Roberto and Sohel, Ferdous and Zhao, Yuanjun and Huang, Defeng},
	journal={IEEE Transactions on Multimedia},
	volume={22},
	number={3},
	pages={569--578},
	year={2019},
	publisher={IEEE}
}

@article{zhang2017survey,
	title={A survey on multi-task learning},
	author={Zhang, Yu and Yang, Qiang},
	journal={arXiv preprint arXiv:1707.08114},
	year={2017}
}

@article{rawassizadeh2013ubiqlog,
	title={UbiqLog: a generic mobile phone-based life-log framework},
	author={Rawassizadeh, Reza and Tomitsch, Martin and Wac, Katarzyna and Tjoa, A Min},
	journal={Personal and ubiquitous computing},
	volume={17},
	number={4},
	pages={621--637},
	year={2013},
	publisher={Springer}
}

@article{bayindir2017survey,
	title={A survey of people-centric sensing studies utilizing mobile phone sensors},
	author={Bay{\i}nd{\i}r, Levent},
	journal={Journal of Ambient Intelligence and Smart Environments},
	volume={9},
	number={4},
	pages={421--448},
	year={2017},
	publisher={IOS Press}
}

@inproceedings{khan2019smartphone,
	title={Smartphone-Based Lifelogging: An Investigation of Data Volume Generation Strength of Smartphone Sensors},
	author={Khan, Inayat and Ali, Shaukat and Khusro, Shah},
	booktitle={International Conference on Simulation Tools and Techniques},
	pages={63--73},
	year={2019},
	organization={Springer}
}

@article{gurrin2014lifelogging,
	title={Lifelogging: Personal big data},
	author={Gurrin, Cathal and Smeaton, Alan F and Doherty, Aiden R},
	journal={Foundations and trends in information retrieval},
	volume={8},
	number={1},
	pages={1--125},
	year={2014},
	publisher={Now Publishers}
}

@article{ali2019insight,
	title={An Insight of Smartphone-Based Lifelogging Research: Issues, Challenges, and Research Opportunities},
	author={Ali, Shaukat and Khusro, Shah and Khan, Akif and Khan, Inayat and Solheria, Salman Faiz},
	journal={Proceedings of the Pakistan Academy of Sciences: A. Physical and Computational Sciences},
	volume={56},
	number={3},
	pages={1--16},
	year={2019}
}

@article{jiang2019memento,
	title={Memento: An emotion-driven lifelogging system with wearables},
	author={Jiang, Shiqi and Li, Zhenjiang and Zhou, Pengfei and Li, Mo},
	journal={ACM Transactions on Sensor Networks (TOSN)},
	volume={15},
	number={1},
	pages={1--23},
	year={2019},
	publisher={ACM New York, NY, USA}
}

@inproceedings{gurrin2019overview,
	title={Overview of the NTCIR-14 lifelog-3 task},
	author={Gurrin, Cathal and Joho, Hideo and Hopfgartner, Frank and Zhou, Liting and Ninh, V-T and Le, T-K and Albatal, Rami and Dang-Nguyen, D-T and Healy, Graham},
	booktitle={Proceedings of the 14th NTCIR conference},
	pages={14--26},
	year={2019},
	organization={NII}
}

@inproceedings{min2018exploring,
	title={Exploring audio and kinetic sensing on earable devices},
	author={Min, Chulhong and Mathur, Akhil and Kawsar, Fahim},
	booktitle={Proceedings of the 4th ACM Workshop on Wearable Systems and Applications},
	pages={5--10},
	year={2018}
}
@article{warden2018speech,
	title={Speech commands: A dataset for limited-vocabulary speech recognition},
	author={Warden, Pete},
	journal={arXiv preprint arXiv:1804.03209},
	year={2018}
}
@article{dodge2007outlines,
	title={‘Outlines of a world coming into existence’: pervasive computing and the ethics of forgetting},
	author={Dodge, Martin and Kitchin, Rob},
	journal={Environment and planning B: planning and design},
	volume={34},
	number={3},
	pages={431--445},
	year={2007},
	publisher={SAGE Publications Sage UK: London, England}
}

@article{mears2016virtual,
	title={Virtual Design of an Audio Lifelogging System: Tools for IoT Systems},
	author={Mears, Brian and Shah, Mohit},
	journal={Synthesis Lectures on Algorithms and Software in Engineering},
	volume={8},
	number={1},
	pages={1--73},
	year={2016},
	publisher={Morgan \& Claypool Publishers}
}

@article{girija2016tensorflow,
	title={Tensorflow: Large-scale machine learning on heterogeneous distributed systems},
	author={Girija, Sanjay Surendranath},
	journal={Software available from tensorflow. org},
	volume={39},
	number={9},
	year={2016}
}
@inproceedings{liu2019end,
	title={End-to-end multi-task learning with attention},
	author={Liu, Shikun and Johns, Edward and Davison, Andrew J},
	booktitle={Proceedings of the IEEE/CVF Conference on Computer Vision and Pattern Recognition},
	pages={1871--1880},
	year={2019}
}
@article{caruana1997multitask,
	title={Multitask learning},
	author={Caruana, Rich},
	journal={Machine learning},
	volume={28},
	number={1},
	pages={41--75},
	year={1997},
	publisher={Springer}
}

@article{georgiev2017heterogeneous,
	title={Heterogeneous resource mobile sensing: computational offloading, scheduling and algorithm optimisation},
	author={Georgiev, Petko},
	year={2017}
}

@inproceedings{oneto2019taking,
	title={Taking advantage of multitask learning for fair classification},
	author={Oneto, Luca and Doninini, Michele and Elders, Amon and Pontil, Massimiliano},
	booktitle={Proceedings of the 2019 AAAI/ACM Conference on AI, Ethics, and Society},
	pages={227--237},
	year={2019}
}

@inproceedings{gemmeke2017audio,
	title={Audio set: An ontology and human-labeled dataset for audio events},
	author={Gemmeke, Jort F and Ellis, Daniel PW and Freedman, Dylan and Jansen, Aren and Lawrence, Wade and Moore, R Channing and Plakal, Manoj and Ritter, Marvin},
	booktitle={2017 IEEE International Conference on Acoustics, Speech and Signal Processing (ICASSP)},
	pages={776--780},
	year={2017},
	organization={IEEE}
}

@article{duan2014survey,
	title={A survey of tagging techniques for music, speech and environmental sound},
	author={Duan, Shufei and Zhang, Jinglan and Roe, Paul and Towsey, Michael},
	journal={Artificial Intelligence Review},
	volume={42},
	number={4},
	pages={637--661},
	year={2014},
	publisher={Springer}
}

@inproceedings{li2017comparison,
	title={A comparison of deep learning methods for environmental sound detection},
	author={Li, Juncheng and Dai, Wei and Metze, Florian and Qu, Shuhui and Das, Samarjit},
	booktitle={2017 IEEE International conference on acoustics, speech and signal processing (ICASSP)},
	pages={126--130},
	year={2017},
	organization={IEEE}
}

@article{chachada2014environmental,
	title={Environmental sound recognition: A survey},
	author={Chachada, Sachin and Kuo, C-C Jay},
	journal={APSIPA Transactions on Signal and Information Processing},
	volume={3},
	year={2014},
	publisher={Cambridge University Press}
}

@article{boregowda2018environmental,
	title={Environmental Sound Recognition: A Survey},
	author={BoreGowda, HB},
	year={2018}
}

@inproceedings{sakti2016deep,
	title={Deep bottleneck features and sound-dependent i-vectors for simultaneous recognition of speech and environmental sounds},
	author={Sakti, Sakriani and Kawanishi, Seiji and Neubig, Graham and Yoshino, Koichiro and Nakamura, Satoshi},
	booktitle={2016 IEEE Spoken Language Technology Workshop (SLT)},
	pages={35--42},
	year={2016},
	organization={IEEE}
}

@inproceedings{tonami2019joint,
	title={Joint analysis of acoustic events and scenes based on multitask learning},
	author={Tonami, Noriyuki and Imoto, Keisuke and Niitsuma, Masahiro and Yamanishi, Ryosuke and Yamashita, Yoichi},
	booktitle={2019 IEEE Workshop on Applications of Signal Processing to Audio and Acoustics (WASPAA)},
	pages={338--342},
	year={2019},
	organization={IEEE}
}

@article{tagliasacchi2020multi,
	title={Multi-Task Adapters for On-Device Audio Inference},
	author={Tagliasacchi, Marco and de Chaumont Quitry, F{\'e}lix and Roblek, Dominik},
	journal={IEEE Signal Processing Letters},
	volume={27},
	pages={630--634},
	year={2020},
	publisher={IEEE}
}

@article{chandrakala2019environmental,
	title={Environmental audio scene and sound event recognition for autonomous surveillance: A survey and comparative studies},
	author={Chandrakala, S and Jayalakshmi, SL},
	journal={ACM Computing Surveys (CSUR)},
	volume={52},
	number={3},
	pages={1--34},
	year={2019},
	publisher={ACM New York, NY, USA}
}

@article{harvey2016remembering,
	title={Remembering through lifelogging: A survey of human memory augmentation},
	author={Harvey, Morgan and Langheinrich, Marc and Ward, Geoff},
	journal={Pervasive and Mobile Computing},
	volume={27},
	pages={14--26},
	year={2016},
	publisher={Elsevier}
}

@inproceedings{yamano2009browsing,
	title={Browsing audio life-log data using acoustic and location information},
	author={Yamano, Kiichiro and Itou, Katunobu},
	booktitle={2009 Third International Conference on Mobile Ubiquitous Computing, Systems, Services and Technologies},
	pages={96--101},
	year={2009},
	organization={IEEE}
}

@article{tzelepis2016event,
	title={Event-based media processing and analysis: A survey of the literature},
	author={Tzelepis, Christos and Ma, Zhigang and Mezaris, Vasileios and Ionescu, Bogdan and Kompatsiaris, Ioannis and Boato, Giulia and Sebe, Nicu and Yan, Shuicheng},
	journal={Image and Vision Computing},
	volume={53},
	pages={3--19},
	year={2016},
	publisher={Elsevier}
}

@article{lee2020evidence,
	title={Evidence-driven sound detection for prenotification and identification of construction safety hazards and accidents},
	author={Lee, Yong-Cheol and Shariatfar, Moeid and Rashidi, Abbas and Lee, Hyun Woo},
	journal={Automation in Construction},
	volume={113},
	pages={103127},
	year={2020},
	publisher={Elsevier}
}

@inproceedings{hamid2017survey,
	title={A survey of activity recognition in egocentric lifelogging datasets},
	author={Hamid, Aksasse and Brahim, Aksasse and Mohammed, Ouanan and others},
	booktitle={2017 International Conference on Wireless Technologies, Embedded and Intelligent Systems (WITS)},
	pages={1--8},
	year={2017},
	organization={IEEE}
}

@inproceedings{shah2012lifelogging,
	title={Lifelogging: Archival and retrieval of continuously recorded audio using wearable devices},
	author={Shah, Mohit and Mears, Brian and Chakrabarti, Chaitali and Spanias, Andreas},
	booktitle={2012 IEEE International Conference on Emerging Signal Processing Applications},
	pages={99--102},
	year={2012},
	organization={IEEE}
}

@article{ali2019insight,
	title={An Insight of Smartphone-Based Lifelogging Research: Issues, Challenges, and Research Opportunities},
	author={Ali, Shaukat and Khusro, Shah and Khan, Akif and Khan, Inayat and Solheria, Salman Faiz},
	journal={Proceedings of the Pakistan Academy of Sciences: A. Physical and Computational Sciences},
	volume={56},
	number={3},
	pages={1--16},
	year={2019}
}

@article{xia2019survey,
	title={A survey: Neural network-based deep learning for acoustic event detection},
	author={Xia, Xianjun and Togneri, Roberto and Sohel, Ferdous and Zhao, Yuanjun and Huang, Defeng},
	journal={Circuits, Systems, and Signal Processing},
	volume={38},
	number={8},
	pages={3433--3453},
	year={2019},
	publisher={Springer}
}

@article{xia2019multi,
	title={Multi-task learning for acoustic event detection using event and frame position information},
	author={Xia, Xianjun and Togneri, Roberto and Sohel, Ferdous and Zhao, Yuanjun and Huang, Defeng},
	journal={IEEE Transactions on Multimedia},
	volume={22},
	number={3},
	pages={569--578},
	year={2019},
	publisher={IEEE}
}

@article{zhang2017survey,
	title={A survey on multi-task learning},
	author={Zhang, Yu and Yang, Qiang},
	journal={arXiv preprint arXiv:1707.08114},
	year={2017}
}

@article{rawassizadeh2013ubiqlog,
	title={UbiqLog: a generic mobile phone-based life-log framework},
	author={Rawassizadeh, Reza and Tomitsch, Martin and Wac, Katarzyna and Tjoa, A Min},
	journal={Personal and ubiquitous computing},
	volume={17},
	number={4},
	pages={621--637},
	year={2013},
	publisher={Springer}
}

@article{bayindir2017survey,
	title={A survey of people-centric sensing studies utilizing mobile phone sensors},
	author={Bay{\i}nd{\i}r, Levent},
	journal={Journal of Ambient Intelligence and Smart Environments},
	volume={9},
	number={4},
	pages={421--448},
	year={2017},
	publisher={IOS Press}
}

@inproceedings{khan2019smartphone,
	title={Smartphone-Based Lifelogging: An Investigation of Data Volume Generation Strength of Smartphone Sensors},
	author={Khan, Inayat and Ali, Shaukat and Khusro, Shah},
	booktitle={International Conference on Simulation Tools and Techniques},
	pages={63--73},
	year={2019},
	organization={Springer}
}

@article{gurrin2014lifelogging,
	title={Lifelogging: Personal big data},
	author={Gurrin, Cathal and Smeaton, Alan F and Doherty, Aiden R},
	journal={Foundations and trends in information retrieval},
	volume={8},
	number={1},
	pages={1--125},
	year={2014},
	publisher={Now Publishers}
}

@article{ali2019insight,
	title={An Insight of Smartphone-Based Lifelogging Research: Issues, Challenges, and Research Opportunities},
	author={Ali, Shaukat and Khusro, Shah and Khan, Akif and Khan, Inayat and Solheria, Salman Faiz},
	journal={Proceedings of the Pakistan Academy of Sciences: A. Physical and Computational Sciences},
	volume={56},
	number={3},
	pages={1--16},
	year={2019}
}

@article{jiang2019memento,
	title={Memento: An emotion-driven lifelogging system with wearables},
	author={Jiang, Shiqi and Li, Zhenjiang and Zhou, Pengfei and Li, Mo},
	journal={ACM Transactions on Sensor Networks (TOSN)},
	volume={15},
	number={1},
	pages={1--23},
	year={2019},
	publisher={ACM New York, NY, USA}
}

@inproceedings{gurrin2019overview,
	title={Overview of the NTCIR-14 lifelog-3 task},
	author={Gurrin, Cathal and Joho, Hideo and Hopfgartner, Frank and Zhou, Liting and Ninh, V-T and Le, T-K and Albatal, Rami and Dang-Nguyen, D-T and Healy, Graham},
	booktitle={Proceedings of the 14th NTCIR conference},
	pages={14--26},
	year={2019},
	organization={NII}
}

@inproceedings{min2018exploring,
	title={Exploring audio and kinetic sensing on earable devices},
	author={Min, Chulhong and Mathur, Akhil and Kawsar, Fahim},
	booktitle={Proceedings of the 4th ACM Workshop on Wearable Systems and Applications},
	pages={5--10},
	year={2018}
}

@article{dodge2007outlines,
	title={‘Outlines of a world coming into existence’: pervasive computing and the ethics of forgetting},
	author={Dodge, Martin and Kitchin, Rob},
	journal={Environment and planning B: planning and design},
	volume={34},
	number={3},
	pages={431--445},
	year={2007},
	publisher={SAGE Publications Sage UK: London, England}
}

@article{mears2016virtual,
	title={Virtual Design of an Audio Lifelogging System: Tools for IoT Systems},
	author={Mears, Brian and Shah, Mohit},
	journal={Synthesis Lectures on Algorithms and Software in Engineering},
	volume={8},
	number={1},
	pages={1--73},
	year={2016},
	publisher={Morgan \& Claypool Publishers}
}

@article{georgiev2017heterogeneous,
	title={Heterogeneous resource mobile sensing: computational offloading, scheduling and algorithm optimisation},
	author={Georgiev, Petko},
	year={2017}
}

@article{georgiev2017low,
	title={Low-resource multi-task audio sensing for mobile and embedded devices via shared deep neural network representations},
	author={Georgiev, Petko and Bhattacharya, Sourav and Lane, Nicholas D and Mascolo, Cecilia},
	journal={Proceedings of the ACM on Interactive, Mobile, Wearable and Ubiquitous Technologies},
	volume={1},
	number={3},
	pages={1--19},
	year={2017},
	publisher={ACM New York, NY, USA}
}

@article{tagliasacchi2020multi,
	title={Multi-Task Adapters for On-Device Audio Inference},
	author={Tagliasacchi, Marco and de Chaumont Quitry, F{\'e}lix and Roblek, Dominik},
	journal={IEEE Signal Processing Letters},
	volume={27},
	pages={630--634},
	year={2020},
	publisher={IEEE}
}

@article{phan2017dnn,
	title={DNN and CNN with weighted and multi-task loss functions for audio event detection},
	author={Phan, Huy and Krawczyk-Becker, Martin and Gerkmann, Timo and Mertins, Alfred},
	journal={arXiv preprint arXiv:1708.03211},
	year={2017}
}

@article{zeng2019spectrogram,
	title={Spectrogram based multi-task audio classification},
	author={Zeng, Yuni and Mao, Hua and Peng, Dezhong and Yi, Zhang},
	journal={Multimedia Tools and Applications},
	volume={78},
	number={3},
	pages={3705--3722},
	year={2019},
	publisher={Springer}
}
@article{fernando2020temporarily,
	title={Temporarily-Aware Context Modeling Using Generative Adversarial Networks for Speech Activity Detection},
	author={Fernando, Tharindu and Sridharan, Sridha and McLaren, Mitchell and Priyasad, Darshana and Denman, Simon and Fookes, Clinton},
	journal={IEEE/ACM Transactions on Audio, Speech, and Language Processing},
	volume={28},
	pages={1159--1169},
	year={2020},
	publisher={IEEE}
}

@article{huang2020guided,
	title={Guided multi-branch learning systems for dcase 2020 task 4},
	author={Huang, Yuxin and Lin, Liwei and Ma, Shuo and Wang, Xiangdong and Liu, Hong and Qian, Yueliang and Liu, Min and Ouch, Kazushige},
	journal={arXiv preprint arXiv:2007.10638},
	year={2020}
}
@inproceedings{huang2020multi,
	title={Multi-Branch Learning for Weakly-Labeled Sound Event Detection},
	author={Huang, Yuxin and Wang, Xiangdong and Lin, Liwei and Liu, Hong and Qian, Yueliang},
	booktitle={ICASSP 2020-2020 IEEE International Conference on Acoustics, Speech and Signal Processing (ICASSP)},
	pages={641--645},
	year={2020},
	organization={IEEE}
}

@article{xia2019multi,
	title={Multi-task learning for acoustic event detection using event and frame position information},
	author={Xia, Xianjun and Togneri, Roberto and Sohel, Ferdous and Zhao, Yuanjun and Huang, Defeng},
	journal={IEEE Transactions on Multimedia},
	volume={22},
	number={3},
	pages={569--578},
	year={2019},
	publisher={IEEE}
}

@inproceedings{tonami2019joint,
	title={Joint analysis of acoustic events and scenes based on multitask learning},
	author={Tonami, Noriyuki and Imoto, Keisuke and Niitsuma, Masahiro and Yamanishi, Ryosuke and Yamashita, Yoichi},
	booktitle={2019 IEEE Workshop on Applications of Signal Processing to Audio and Acoustics (WASPAA)},
	pages={338--342},
	year={2019},
	organization={IEEE}
}

@inproceedings{pankajakshan2019polyphonic,
	title={Polyphonic sound event and sound activity detection: A multi-task approach},
	author={Pankajakshan, Arjun and Bear, Helen L and Benetos, Emmanouil},
	booktitle={2019 IEEE Workshop on Applications of Signal Processing to Audio and Acoustics (WASPAA)},
	pages={323--327},
	year={2019},
	organization={IEEE}
}
@article{lee2019label,
	title={Label-efficient audio classification through multitask learning and self-supervision},
	author={Lee, Tyler and Gong, Ting and Padhy, Suchismita and Rouditchenko, Andrew and Ndirango, Anthony},
	journal={arXiv preprint arXiv:1910.12587},
	year={2019}
}

@article{deshmukh2020multi,
	title={Multi-task learning for interpretable weakly labelled sound event detection},
	author={Deshmukh, Soham and Raj, Bhiksha and Singh, Rita},
	journal={arXiv preprint arXiv:2008.07085},
	year={2020}
}

@inproceedings{sakti2016deep,
	title={Deep bottleneck features and sound-dependent i-vectors for simultaneous recognition of speech and environmental sounds},
	author={Sakti, Sakriani and Kawanishi, Seiji and Neubig, Graham and Yoshino, Koichiro and Nakamura, Satoshi},
	booktitle={2016 IEEE Spoken Language Technology Workshop (SLT)},
	pages={35--42},
	year={2016},
	organization={IEEE}
}

@article{morfi2018deep,
	title={Deep learning for audio event detection and tagging on low-resource datasets},
	author={Morfi, Veronica and Stowell, Dan},
	journal={Applied Sciences},
	volume={8},
	number={8},
	pages={1397},
	year={2018},
	publisher={Multidisciplinary Digital Publishing Institute}
}

@article{abrol2020learning,
	title={Learning Hierarchy Aware Embedding From Raw Audio for Acoustic Scene Classification},
	author={Abrol, Vinayak and Sharma, Pulkit},
	journal={IEEE/ACM Transactions on Audio, Speech, and Language Processing},
	volume={28},
	pages={1964--1973},
	year={2020},
	publisher={IEEE}
}
@article{kremer2018inductive,
	title={On the inductive bias of word-character-level multi-task learning for speech recognition},
	author={Kremer, Jan and Borgholt, Lasse and Maal{\o}e, Lars},
	journal={arXiv preprint arXiv:1812.02308},
	year={2018}
}
@inproceedings{kim2017speech,
	title={Speech emotion recognition based on multi-task learning using a convolutional neural network},
	author={Kim, Nam Kyun and Lee, Jiwon and Ha, Hun Kyu and Lee, Geon Woo and Lee, Jung Hyuk and Kim, Hong Kook},
	booktitle={2017 Asia-Pacific Signal and Information Processing Association Annual Summit and Conference (APSIPA ASC)},
	pages={704--707},
	year={2017},
	organization={IEEE}
}

@inproceedings{xu2019multi,
	title={A Multi-task Learning Approach Based on Convolutional Neural Network for Acoustic Scene Classification},
	author={Xu, Kuilong and Huang, Shilei and Cheng, Gang and Song, Xiao},
	booktitle={Proceedings of the 2019 2nd International Conference on Algorithms, Computing and Artificial Intelligence},
	pages={23--27},
	year={2019}
}
@article{wu2020domain,
	title={Domain Aware Training for Far-field Small-footprint Keyword Spotting},
	author={Wu, Haiwei and Jia, Yan and Nie, Yuanfei and Li, Ming},
	journal={arXiv preprint arXiv:2005.03633},
	year={2020}
}

@inproceedings{sun2017compressed,
	title={Compressed Time Delay Neural Network for Small-Footprint Keyword Spotting.},
	author={Sun, Ming and Snyder, David and Gao, Yixin and Nagaraja, Varun K and Rodehorst, Mike and Panchapagesan, Sankaran and Strom, Nikko and Matsoukas, Spyros and Vitaladevuni, Shiv},
	booktitle={Interspeech},
	pages={3607--3611},
	year={2017}
}

@article{lopez2019keyword,
	title={Keyword spotting for hearing assistive devices robust to external speakers},
	author={L{\'o}pez-Espejo, Iv{\'a}n and Tan, Zheng-Hua and Jensen, Jesper},
	journal={arXiv preprint arXiv:1906.09417},
	year={2019}
}

@inproceedings{panchapagesan2016multi,
	title={Multi-task learning and weighted cross-entropy for DNN-based keyword spotting.},
	author={Panchapagesan, Sankaran and Sun, Ming and Khare, Aparna and Matsoukas, Spyros and Mandal, Arindam and Hoffmeister, Bj{\"o}rn and Vitaladevuni, Shiv},
	booktitle={Interspeech},
	volume={9},
	pages={760--764},
	year={2016}
}

@inproceedings{nwe2017convolutional,
	title={Convolutional neural network with multi-task learning scheme for acoustic scene classification},
	author={Nwe, Tin Lay and Dat, Tran Huy and Ma, Bin},
	booktitle={2017 Asia-Pacific Signal and Information Processing Association Annual Summit and Conference (APSIPA ASC)},
	pages={1347--1350},
	year={2017},
	organization={IEEE}
}

@inproceedings{lu2004multitask,
	title={Multitask learning in connectionist speech recognition},
	author={Lu, Youyi and Lu, Fei and Sehgal, Siddharth and Gupta, Swati and Du, Jingsheng and Tham, Chee Hong and Green, Phil and Wan, Vincent},
	booktitle={Proceedings of the Australian International Conference on Speech Science and Technology},
	year={2004},
	organization={Citeseer}
}

@article{alonso2016multitask,
	title={When is multitask learning effective? Semantic sequence prediction under varying data conditions},
	author={Alonso, H{\'e}ctor Mart{\'\i}nez and Plank, Barbara},
	journal={arXiv preprint arXiv:1612.02251},
	year={2016}
}

@article{bingel2017identifying,
	title={Identifying beneficial task relations for multi-task learning in deep neural networks},
	author={Bingel, Joachim and S{\o}gaard, Anders},
	journal={arXiv preprint arXiv:1702.08303},
	year={2017}
}

@inproceedings{phan2019unifying,
	title={Unifying isolated and overlapping audio event detection with multi-label multi-task convolutional recurrent neural networks},
	author={Phan, Huy and Ch{\'e}n, Oliver Y and Koch, Philipp and Pham, Lam and McLoughlin, Ian and Mertins, Alfred and De Vos, Maarten},
	booktitle={ICASSP 2019-2019 IEEE International Conference on Acoustics, Speech and Signal Processing (ICASSP)},
	pages={51--55},
	year={2019},
	organization={IEEE}
}

@article{roberts1996evolving,
	title={Evolving frameworks: A pattern language for developing object-oriented frameworks},
	author={Roberts, Don and Johnson, Ralph and others},
	journal={Pattern languages of program design},
	volume={3},
	pages={471--486},
	year={1996}
}

@inproceedings{de2012deap,
	title={Deap: A python framework for evolutionary algorithms},
	author={De Rainville, Fran{\c{c}}ois-Michel and Fortin, F{\'e}lix-Antoine and Gardner, Marc-Andr{\'e} and Parizeau, Marc and Gagn{\'e}, Christian},
	booktitle={Proceedings of the 14th annual conference companion on Genetic and evolutionary computation},
	pages={85--92},
	year={2012}
}

@article{schmid1997systematic,
	title={Systematic framework design by generalization},
	author={Schmid, Han Albrecht},
	journal={Communications of the ACM},
	volume={40},
	number={10},
	pages={48--51},
	year={1997},
	publisher={ACM New York, NY, USA}
}

@incollection{bouassida2001uml,
	title={A UML based Design Language for Framework Reuse},
	author={Bouassida, Nadia and Ben-Abdallah, Han{\^e}ne and Gargouri, Fa{\"\i}ez},
	booktitle={OOIS 2001},
	pages={211--221},
	year={2001},
	publisher={Springer}
}

@article{paszke2019pytorch,
	title={Pytorch: An imperative style, high-performance deep learning library},
	author={Paszke, Adam and Gross, Sam and Massa, Francisco and Lerer, Adam and Bradbury, James and Chanan, Gregory and Killeen, Trevor and Lin, Zeming and Gimelshein, Natalia and Antiga, Luca and others},
	journal={Advances in neural information processing systems},
	volume={32},
	pages={8026--8037},
	year={2019}
}

@inproceedings{park2020augmenting,
  title={Augmenting conversational agents with ambient acoustic contexts},
  author={Park, Chunjong and Min, Chulhong and Bhattacharya, Sourav and Kawsar, Fahim},
  booktitle={22nd International Conference on Human-Computer Interaction with Mobile Devices and Services},
  pages={1--9},
  year={2020}
}

@inproceedings{lu2004multitask,
  title={Multitask learning in connectionist speech recognition},
  author={Lu, Youyi and Lu, Fei and Sehgal, Siddharth and Gupta, Swati and Du, Jingsheng and Tham, Chee Hong and Green, Phil and Wan, Vincent},
  booktitle={Proceedings of the Australian International Conference on Speech Science and Technology},
  year={2004},
  organization={Citeseer}
}

@inproceedings{seltzer2013multi,
  title={Multi-task learning in deep neural networks for improved phoneme recognition},
  author={Seltzer, Michael L and Droppo, Jasha},
  booktitle={2013 IEEE International Conference on Acoustics, Speech and Signal Processing},
  pages={6965--6969},
  year={2013},
  organization={IEEE}
}

@inproceedings{kim2017speech,
  title={Speech emotion recognition based on multi-task learning using a convolutional neural network},
  author={Kim, Nam Kyun and Lee, Jiwon and Ha, Hun Kyu and Lee, Geon Woo and Lee, Jung Hyuk and Kim, Hong Kook},
  booktitle={2017 Asia-Pacific Signal and Information Processing Association Annual Summit and Conference (APSIPA ASC)},
  pages={704--707},
  year={2017},
  organization={IEEE}
}

@inproceedings{dong2015multi,
  title={Multi-task learning for multiple language translation},
  author={Dong, Daxiang and Wu, Hua and He, Wei and Yu, Dianhai and Wang, Haifeng},
  booktitle={Proceedings of the 53rd Annual Meeting of the Association for Computational Linguistics and the 7th International Joint Conference on Natural Language Processing (Volume 1: Long Papers)},
  pages={1723--1732},
  year={2015}
}

@phdthesis{meyer2019multi,
	title={Multi-task and transfer learning in low-resource speech recognition},
	author={Meyer, Josh},
	year={2019},
	school={The University of Arizona}
}

@article{wu2020domain,
	title={Domain Aware Training for Far-field Small-footprint Keyword Spotting},
	author={Wu, Haiwei and Jia, Yan and Nie, Yuanfei and Li, Ming},
	journal={arXiv preprint arXiv:2005.03633},
	year={2020}
}

@inproceedings{sun2017compressed,
	title={Compressed Time Delay Neural Network for Small-Footprint Keyword Spotting.},
	author={Sun, Ming and Snyder, David and Gao, Yixin and Nagaraja, Varun K and Rodehorst, Mike and Panchapagesan, Sankaran and Strom, Nikko and Matsoukas, Spyros and Vitaladevuni, Shiv},
	booktitle={Interspeech},
	pages={3607--3611},
	year={2017}
}

@article{lopez2019keyword,
	title={Keyword spotting for hearing assistive devices robust to external speakers},
	author={L{\'o}pez-Espejo, Iv{\'a}n and Tan, Zheng-Hua and Jensen, Jesper},
	journal={arXiv preprint arXiv:1906.09417},
	year={2019}
}
@inproceedings{panchapagesan2016multi,
	title={Multi-task learning and weighted cross-entropy for DNN-based keyword spotting.},
	author={Panchapagesan, Sankaran and Sun, Ming and Khare, Aparna and Matsoukas, Spyros and Mandal, Arindam and Hoffmeister, Bj{\"o}rn and Vitaladevuni, Shiv},
	booktitle={Interspeech},
	volume={9},
	pages={760--764},
	year={2016}
}

@inproceedings{nwe2017convolutional,
	title={Convolutional neural network with multi-task learning scheme for acoustic scene classification},
	author={Nwe, Tin Lay and Dat, Tran Huy and Ma, Bin},
	booktitle={2017 Asia-Pacific Signal and Information Processing Association Annual Summit and Conference (APSIPA ASC)},
	pages={1347--1350},
	year={2017},
	organization={IEEE}
}

@inproceedings{imoto2020sound,
	title={Sound event detection by multitask learning of sound events and scenes with soft scene labels},
	author={Imoto, Keisuke and Tonami, Noriyuki and Koizumi, Yuma and Yasuda, Masahiro and Yamanishi, Ryosuke and Yamashita, Yoichi},
	booktitle={ICASSP 2020-2020 IEEE International Conference on Acoustics, Speech and Signal Processing (ICASSP)},
	pages={621--625},
	year={2020},
	organization={IEEE}
}

@article{jung2020acoustic,
	title={Acoustic scene classification using audio tagging},
	author={Jung, Jee-weon and Shim, Hye-jin and Kim, Ju-ho and Kim, Seung-bin and Yu, Ha-Jin},
	journal={arXiv preprint arXiv:2003.09164},
	year={2020}
}

@inproceedings{komatsu2020scene,
	title={Scene-dependent acoustic event detection with scene conditioning and fake-scene-conditioned loss},
	author={Komatsu, Tatsuya and Imoto, Keisuke and Togami, Masahito},
	booktitle={ICASSP 2020-2020 IEEE International Conference on Acoustics, Speech and Signal Processing (ICASSP)},
	pages={646--650},
	year={2020},
	organization={IEEE}
}

@article{schmid1997systematic,
	title={Systematic framework design by generalization},
	author={Schmid, Han Albrecht},
	journal={Communications of the ACM},
	volume={40},
	number={10},
	pages={48--51},
	year={1997},
	publisher={ACM New York, NY, USA}
}

@article{ben2004uml,
	title={A UML based Framework Design Method.},
	author={Ben-Abdallah, Han{\^e}ne and Bouassida, Nadia and Gargouri, Faiez and Hamadou, Abdelmajid Ben},
	journal={J. Object Technol.},
	volume={3},
	number={8},
	pages={97--120},
	year={2004}
}

@misc{dcaserepo2021, title={DCASE\-REPO/dcase\_util: A collection of utilities for detection and classification of Acoustic scenes and events}, url={https://github.com/DCASE-REPO/dcase_util}, journal={GitHub}, author={Dcase-Repo}, year={2021}} 
 
@misc{dcase, title={Detection and classification of acoustic scenes and events}, url={http://dcase.community/}, journal={DCASE}, author={Dcase}} 
  
@inproceedings{de2012deap,
  	title={Deap: A python framework for evolutionary algorithms},
  	author={De Rainville, Fran{\c{c}}ois-Michel and Fortin, F{\'e}lix-Antoine and Gardner, Marc-Andr{\'e} and Parizeau, Marc and Gagn{\'e}, Christian},
  	booktitle={Proceedings of the 14th annual conference companion on Genetic and evolutionary computation},
  	pages={85--92},
  	year={2012}
  }
@article{paszke2019pytorch,
	title={Pytorch: An imperative style, high-performance deep learning library},
	author={Paszke, Adam and Gross, Sam and Massa, Francisco and Lerer, Adam and Bradbury, James and Chanan, Gregory and Killeen, Trevor and Lin, Zeming and Gimelshein, Natalia and Antiga, Luca and others},
	journal={Advances in neural information processing systems},
	volume={32},
	pages={8026--8037},
	year={2019}
}

@incollection{mitrovic2010features,
	title={Features for content-based audio retrieval},
	author={Mitrovi{\'c}, Dalibor and Zeppelzauer, Matthias and Breiteneder, Christian},
	booktitle={Advances in computers},
	volume={78},
	pages={71--150},
	year={2010},
	publisher={Elsevier}
}

@article{ruder2017overview,
	title={An overview of multi-task learning in deep neural networks},
	author={Ruder, Sebastian},
	journal={arXiv preprint arXiv:1706.05098},
	year={2017}
}

@article{zhang2018overview,
	title={An overview of multi-task learning},
	author={Zhang, Yu and Yang, Qiang},
	journal={National Science Review},
	volume={5},
	number={1},
	pages={30--43},
	year={2018},
	publisher={Oxford University Press}
}

@inproceedings{oneto2019taking,
	title={Taking advantage of multitask learning for fair classification},
	author={Oneto, Luca and Doninini, Michele and Elders, Amon and Pontil, Massimiliano},
	booktitle={Proceedings of the 2019 AAAI/ACM Conference on AI, Ethics, and Society},
	pages={227--237},
	year={2019}
}

@article{lee2019label,
	title={Label-efficient audio classification through multitask learning and self-supervision},
	author={Lee, Tyler and Gong, Ting and Padhy, Suchismita and Rouditchenko, Andrew and Ndirango, Anthony},
	journal={arXiv preprint arXiv:1910.12587},
	year={2019}
}
@inproceedings{seltzer2013multi,
	title={Multi-task learning in deep neural networks for improved phoneme recognition},
	author={Seltzer, Michael L and Droppo, Jasha},
	booktitle={2013 IEEE International Conference on Acoustics, Speech and Signal Processing},
	pages={6965--6969},
	year={2013},
	organization={IEEE}
}
@article{phan2017dnn,
	title={DNN and CNN with weighted and multi-task loss functions for audio event detection},
	author={Phan, Huy and Krawczyk-Becker, Martin and Gerkmann, Timo and Mertins, Alfred},
	journal={arXiv preprint arXiv:1708.03211},
	year={2017}
}
@inproceedings{komatsu2020scene,
	title={Scene-dependent acoustic event detection with scene conditioning and fake-scene-conditioned loss},
	author={Komatsu, Tatsuya and Imoto, Keisuke and Togami, Masahito},
	booktitle={ICASSP 2020-2020 IEEE International Conference on Acoustics, Speech and Signal Processing (ICASSP)},
	pages={646--650},
	year={2020},
	organization={IEEE}
}
@inproceedings{colacco2020drecpy,
	title={Drecpy: A python framework for developing deep learning-based recommenders},
	author={Cola{\c{c}}o, F{\'a}bio and Barros, M{\'a}rcia and Couto, Francisco M},
	booktitle={Fourteenth ACM Conference on Recommender Systems},
	pages={675--680},
	year={2020}
}

@article{brown1996framework,
	title={A Framework for Systematic Evaluation of Software Technologies},
	author={Brown Alan, W and Wallnau Kurt, C},
	journal={IEEE Software, September},
	year={1996}
}
@article{hannun2014deep,
	title={Deep speech: Scaling up end-to-end speech recognition},
	author={Hannun, Awni and Case, Carl and Casper, Jared and Catanzaro, Bryan and Diamos, Greg and Elsen, Erich and Prenger, Ryan and Satheesh, Sanjeev and Sengupta, Shubho and Coates, Adam and others},
	journal={arXiv preprint arXiv:1412.5567},
	year={2014}
}

@article{abesser2020review,
	title={A review of deep learning based methods for acoustic scene classification},
	author={Abe{\ss}er, Jakob},
	journal={Applied Sciences},
	volume={10},
	number={6},
	year={2020},
	publisher={Multidisciplinary Digital Publishing Institute}
}

@article{huang2019state,
	title={State-of-the-art model for music object recognition with deep learning},
	author={Huang, Zhiqing and Jia, Xiang and Guo, Yifan},
	journal={Applied Sciences},
	volume={9},
	number={13},
	pages={2645},
	year={2019},
	publisher={Multidisciplinary Digital Publishing Institute}
}
@inproceedings{fonseca2017freesound,
	title={Freesound datasets: a platform for the creation of open audio datasets},
	author={Fonseca, Eduardo and Pons Puig, Jordi and Favory, Xavier and Font Corbera, Frederic and Bogdanov, Dmitry and Ferraro, Andres and Oramas, Sergio and Porter, Alastair and Serra, Xavier},
	booktitle={Hu X, Cunningham SJ, Turnbull D, Duan Z, editors. Proceedings of the 18th ISMIR Conference; 2017 oct 23-27; Suzhou, China.[Canada]: International Society for Music Information Retrieval; 2017. p. 486-93.},
	year={2017},
	organization={International Society for Music Information Retrieval (ISMIR)}
}

@inproceedings{piczak2015esc,
	title={ESC: Dataset for environmental sound classification},
	author={Piczak, Karol J},
	booktitle={Proceedings of the 23rd ACM international conference on Multimedia},
	pages={1015--1018},
	year={2015}
}

@article{paper2021tensorflow,
	title={TensorFlow Datasets},
	author={Paper, David and Paper, David},
	journal={State-of-the-Art Deep Learning Models in TensorFlow: Modern Machine Learning in the Google Colab Ecosystem},
	pages={65--91},
	year={2021},
	publisher={Springer}
}

@inproceedings{ziaei2013prof,
	title={Prof-Life-Log: Personal interaction analysis for naturalistic audio streams},
	author={Ziaei, Ali and Sangwan, Abhijeet and Hansen, John HL},
	booktitle={2013 IEEE International Conference on Acoustics, Speech and Signal Processing},
	pages={7770--7774},
	year={2013},
	organization={IEEE}
}

@inproceedings{dong2017tensorlayer,
	title={Tensorlayer: a versatile library for efficient deep learning development},
	author={Dong, Hao and Supratak, Akara and Mai, Luo and Liu, Fangde and Oehmichen, Axel and Yu, Simiao and Guo, Yike},
	booktitle={Proceedings of the 25th ACM international conference on Multimedia},
	pages={1201--1204},
	year={2017}
}

@inproceedings{tokui2019chainer,
	title={Chainer: A deep learning framework for accelerating the research cycle},
	author={Tokui, Seiya and Okuta, Ryosuke and Akiba, Takuya and Niitani, Yusuke and Ogawa, Toru and Saito, Shunta and Suzuki, Shuji and Uenishi, Kota and Vogel, Brian and Yamazaki Vincent, Hiroyuki},
	booktitle={Proceedings of the 25th ACM SIGKDD International Conference on Knowledge Discovery \& Data Mining},
	pages={2002--2011},
	year={2019}
}

@article{chen2019selene,
	title={Selene: a PyTorch-based deep learning library for sequence data},
	author={Chen, Kathleen M and Cofer, Evan M and Zhou, Jian and Troyanskaya, Olga G},
	journal={Nature methods},
	volume={16},
	number={4},
	pages={315--318},
	year={2019},
	publisher={Nature Publishing Group}
}

@online{tensorflow,
ALTauthor = {author},
ALTeditor = {editor},
title = {TensorFlow—an open-source software library for machine intelligence},
date = {2021},
url = {https://www.tensorflow.org/},
urldate = {Accessed 11 Nov 2021},
}

@article{nguyen2019machine,
	title={Machine learning and deep learning frameworks and libraries for large-scale data mining: a survey},
	author={Nguyen, Giang and Dlugolinsky, Stefan and Bob{\'a}k, Martin and Tran, Viet and Garc{\'\i}a, {\'A}lvaro L{\'o}pez and Heredia, Ignacio and Mal{\'\i}k, Peter and Hluch{\`y}, Ladislav},
	journal={Artificial Intelligence Review},
	volume={52},
	number={1},
	pages={77--124},
	year={2019},
	publisher={Springer}}

@online{multiclasstutorial,
title = {CSC321 Tutorial 4: Multi-Class Classification with PyTorch},
url = {https://www.cs.toronto.edu/~lczhang/321/tut/tut04.pdf},
urldate = {Date Accessed: 10/11/2021},
}

@online{
	pytorchmultitask,
	title = {pytorch\_multitask},
	url = {https://github.com/sugi-chan/pytorch_multitask/blob/master/pytorch%20multi-task-Copy2.ipynb},
	urldate = {Date Accessed: 10/11/2021},
}

@online{multidataset,
	title = {Unbalanced data loading for multi-task learning in PyTorch},
	url = {https://towardsdatascience.com/unbalanced-data-loading-for-multi-task-learning-in-pytorch-e030ad5033b},
	urldate = {Date Accessed: 10/11/2021},
}
@inproceedings{wu2015asvspoof,
	title={ASVspoof 2015: the first automatic speaker verification spoofing and countermeasures challenge},
	author={Wu, Zhizheng and Kinnunen, Tomi and Evans, Nicholas and Yamagishi, Junichi and Hanil{\c{c}}i, Cemal and Sahidullah, Md and Sizov, Aleksandr},
	booktitle={Sixteenth annual conference of the international speech communication association},
	year={2015}
}

@inproceedings{wu2015asvspoof,
	title={ASVspoof 2015: the first automatic speaker verification spoofing and countermeasures challenge},
	author={Wu, Zhizheng and Kinnunen, Tomi and Evans, Nicholas and Yamagishi, Junichi and Hanil{\c{c}}i, Cemal and Sahidullah, Md and Sizov, Aleksandr},
	booktitle={Sixteenth annual conference of the international speech communication association},
	year={2015}
}
@inproceedings{livingstone2012ravdess,
	title={Ravdess: The ryerson audio-visual database of emotional speech and song},
	author={Livingstone, Steven R and Peck, Katlyn and Russo, Frank A},
	booktitle={Annual meeting of the canadian society for brain, behaviour and cognitive science},
	pages={205--211},
	year={2012}
}
@inproceedings{mesaros2017dcase,
	title={DCASE 2017 challenge setup: Tasks, datasets and baseline system},
	author={Mesaros, Annamaria and Heittola, Toni and Diment, Aleksandr and Elizalde, Benjamin and Shah, Ankit and Vincent, Emmanuel and Raj, Bhiksha and Virtanen, Tuomas},
	booktitle={DCASE 2017-Workshop on Detection and Classification of Acoustic Scenes and Events},
	year={2017}
}
@article{pols1977spectral,
	title={Spectral analysis and identification of Dutch vowels in monosyllabic words},
	author={Pols, Louis CW and others},
	year={1977},
	publisher={AmsterdamAcademische Pers}
}
@article{smith1987new,
	title={A new filter bank theory for time-frequency representation},
	author={Smith, M and Barnwell, T},
	journal={IEEE transactions on acoustics, speech, and signal processing},
	volume={35},
	number={3},
	pages={314--327},
	year={1987},
	publisher={IEEE}
}